@manual{ictmanual,
  title        = {Industrial Control Technology},
  author       = {}, 
  organization = {Bytronic Educational Technology},
  address      = {124 Anglesy Court, Towers Business Park, Rugeley Staffordshire WS15 1UL},
  edition      = 5,
  month        = 11,
  year         = 2018,
  note         = {}
}